<?xml version="1.0" encoding="UTF-8"?><collection xmlns="http://www.loc.gov/MARC21/slim"><record><leader>00567nam--2200205-u-4500</leader><controlfield tag="001">000050506</controlfield><controlfield tag="002">20161230</controlfield><controlfield tag="005">20161230201048</controlfield><controlfield tag="008">070704s1000------------r-----000-0-eng-d</controlfield><datafield ind1=" " ind2=" " tag="020"><subfield code="a">9789971500252</subfield></datafield><datafield ind1=" " ind2=" " tag="040"><subfield code="a">IFIN-HH</subfield></datafield><datafield ind1=" " ind2=" " tag="080"><subfield code="a">536.76:538.91</subfield></datafield><datafield ind1="1" ind2=" " tag="100"><subfield code="a">Toledano, Jean-Claude</subfield></datafield><datafield ind1="1" ind2="0" tag="245"><subfield code="a">The Landau Theory of Phase Transitions</subfield><subfield code="c">Jean-Claude Toledano; Pierre Toledano</subfield></datafield><datafield ind1=" " ind2=" " tag="260"><subfield code="a">Singapore</subfield><subfield code="b">World Scientific</subfield><subfield code="c">1987</subfield></datafield><datafield ind1=" " ind2=" " tag="300"><subfield code="a">451 p</subfield></datafield><datafield ind1=" " ind2="4" tag="650"><subfield code="a">Landau Theory</subfield></datafield><datafield ind1="1" ind2=" " tag="700"><subfield code="a">Toledano, Pierre</subfield></datafield><datafield ind1=" " ind2=" " tag="852"><subfield code="a">81914</subfield><subfield code="c">530.1</subfield></datafield><datafield ind1=" " ind2=" " tag="CAT"><subfield code="a">Sys</subfield><subfield code="c">20110324</subfield><subfield code="h">112031</subfield></datafield></record></collection>